<?xml version="1.0" encoding="UTF-8"?><collection xmlns="http://www.loc.gov/MARC21/slim"><record><leader>00357nam--2200145-i-4500</leader><controlfield tag="001">000013207</controlfield><controlfield tag="002">20161230</controlfield><controlfield tag="005">20161230201030</controlfield><controlfield tag="008">060222s1000------------r-----000-0-eng-d</controlfield><datafield ind1=" " ind2=" " tag="080"><subfield code="a">546.293:541.123</subfield></datafield><datafield ind1=" " ind2=" " tag="245"><subfield code="a">Argon</subfield></datafield><datafield ind1=" " ind2=" " tag="260"><subfield code="a">Oxford, Pergamon Press, 1980 Xvii + 331 P</subfield></datafield><datafield ind1=" " ind2=" " tag="490"><subfield code="a">Solubility Data Series</subfield></datafield><datafield ind1=" " ind2=" " tag="700"><subfield code="a">Clever, Lawrence H</subfield></datafield><datafield ind1=" " ind2=" " tag="852"><subfield code="a">47014</subfield></datafield></record></collection>